<?xml version="1.0" encoding="UTF-8"?><collection xmlns="http://www.loc.gov/MARC21/slim"><record><leader>00372nam--2200133-i-4500</leader><controlfield tag="001">000035374</controlfield><controlfield tag="002">20161230</controlfield><controlfield tag="005">20161230201040</controlfield><controlfield tag="008">060222s1000------------r-----000-0-eng-d</controlfield><datafield ind1=" " ind2=" " tag="080"><subfield code="a">539.2</subfield></datafield><datafield ind1=" " ind2=" " tag="100"><subfield code="a">Ohata, Nagao</subfield></datafield><datafield ind1=" " ind2=" " tag="245"><subfield code="a">Electrical conduction in a narrow band. iii. green function method</subfield></datafield><datafield ind1=" " ind2=" " tag="260"><subfield code="a">Tokyo, The Inst.For Solid State Physics, 1970, 70p</subfield></datafield><datafield ind1=" " ind2=" " tag="852"><subfield code="a">19409</subfield></datafield></record></collection>